<record><leader>00000cas a22000007a 4500</leader><controlfield tag="001">9694088</controlfield><controlfield tag="008">830712d19071913ksudr ne      0    0eng d</controlfield><datafield ind1=" " ind2=" " tag="010"><subfield code="a">sn 83040393 </subfield></datafield><datafield ind1=" " ind2=" " tag="040"><subfield code="a">KSH</subfield><subfield code="b">eng</subfield><subfield code="c">KSH</subfield><subfield code="d">NPT</subfield><subfield code="d">DLC</subfield><subfield code="d">NPT</subfield><subfield code="d">DLC</subfield><subfield code="d">OCLCQ</subfield></datafield><datafield ind1=" " ind2=" " tag="042"><subfield code="a">msc</subfield></datafield><datafield ind1="0" ind2="0" tag="245"><subfield code="a">Fort Scott daily republican.</subfield></datafield><datafield ind1=" " ind2=" " tag="260"><subfield code="a">Fort Scott, Kan. :</subfield><subfield code="b">Republican Pub. Co.</subfield></datafield><datafield ind1=" " ind2=" " tag="310"><subfield code="a">Daily</subfield></datafield><datafield ind1="0" ind2=" " tag="362"><subfield code="a">Vol. 5, no. 284 (Mar. 5, 1907)-v. 11, no. 255 (Dec. 5, 1913).</subfield></datafield><datafield ind1=" " ind2=" " tag="515"><subfield code="a">Numbering is irregular.</subfield></datafield><datafield ind1="0" ind2="0" tag="780"><subfield code="t">Daily republican (Fort Scott, Kan.)</subfield><subfield code="w">(DLC)sn 83040392</subfield></datafield><datafield ind1="0" ind2="0" tag="785"><subfield code="t">Fort Scott republican (Fort Scott, Kan. : 1913)</subfield><subfield code="w">(DLC)sn 83040394</subfield></datafield></record>